/opt/makedocument/references/bib/references.bib